@inproceedings{kanso2009compressed,
  title={Compressed RF tomography for wireless sensor networks: Centralized and decentralized approaches},
  author={Kanso, Mohammad A and Rabbat, Michael G},
  booktitle={International Conference on Distributed Computing in Sensor Systems},
  pages={173--186},
  year={2009},
  organization={Springer}
}

@article{mostofi2011compressive,
  title={Compressive cooperative sensing and mapping in mobile networks},
  author={Mostofi, Yasamin},
  journal={IEEE Transactions on Mobile Computing},
  volume={10},
  number={12},
  pages={1769--1784},
  year={2011},
  publisher={IEEE}
}

@article{matsuda2017multi,
  title={Multi-dimensional wireless tomography using tensor-based compressed sensing},
  author={Matsuda, Takahiro and Yokota, Kengo and Takemoto, Kazushi and Hara, Shinsuke and Ono, Fumie and Takizawa, Kenichi and Miura, Ryu},
  journal={Wireless Personal Communications},
  volume={96},
  number={3},
  pages={3361--3384},
  year={2017},
  publisher={Springer}
}

@inproceedings{li2013generalized,
  title={Generalized tensor compressive sensing},
  author={Li, Qun and Schonfeld, Dan and Friedland, Shmuel},
  booktitle={Multimedia and Expo (ICME), 2013 IEEE International Conference on},
  pages={1--6},
  year={2013},
  organization={IEEE}
}

@article{liu2017fourth,
  title={Fourth-order tensors with multidimensional discrete transforms},
  author={Liu, Xiao-Yang and Wang, Xiaodong},
  journal={arXiv preprint arXiv:1705.01576},
  year={2017}
}
@article{jing2016energy,
  title={Energy-efficient eDRAM-based on-chip storage architecture for GPGPUs},
  author={Jing, Naifeng and Jiang, Li and Zhang, Tao and Li, Chao and Fan, Fengfeng and Liang, Xiaoyao},
  journal={IEEE Transactions on Computers},
  volume={65},
  number={1},
  pages={122--135},
  year={2016},
  publisher={IEEE}
}

@article{zhang2015buddy,
  title={Buddy SM: Sharing Pipeline Front-End for Improved Energy Efficiency in GPGPUs},
  author={Zhang, Tao and Jing, Naifeng and Jiang, Kaiming and Shu, Wei and Wu, Min-You and Liang, Xiaoyao},
  journal={ACM Transactions on Architecture and Code Optimization (TACO)},
  volume={12},
  number={2},
  pages={1--23},
  year={2015},
  publisher={ACM}
}

@article{zhang2015efficient,
  title={Efficient graph computation on hybrid CPU and GPU systems},
  author={Zhang, Tao and Zhang, Jingjie and Shu, Wei and Wu, Min-You and Liang, Xiaoyao},
  journal={The Journal of Supercomputing},
  volume={71},
  number={4},
  pages={1563--1586},
  year={2015},
  publisher={Springer}
}

@article{zhang2014cuirre,
  title={CUIRRE: An open-source library for load balancing and characterizing irregular applications on GPUs},
  author={Zhang, Tao and Shu, Wei and Wu, Min-You},
  journal={Journal of parallel and distributed computing},
  volume={74},
  number={10},
  pages={2951--2966},
  year={2014},
  publisher={Elsevier}
}

@incollection{zhang2016efficient,
  title={Efficient Graph Mining on Heterogeneous Platforms in the Cloud},
  author={Zhang, Tao and Tong, Weiqin and Shen, Wenfeng and Peng, Junjie and Niu, Zhihua},
  booktitle={Cloud Computing, Security, Privacy in New Computing Environments},
  pages={12--21},
  year={2016},
  publisher={Springer}
}

@article{papalexakis2016tensors,
  title={Tensors for data mining and data fusion: Models, applications, and scalable algorithms},
  author={Papalexakis, Evangelos E and Faloutsos, Christos and Sidiropoulos, Nicholas D},
  journal={ACM Transactions on Intelligent Systems and Technology (TIST)},
  volume={8},
  number={2},
  pages={1--44},
  year={2016},
  publisher={ACM}
}

@article{oseledets2011tensor,
  title={Tensor-train decomposition},
  author={Oseledets, Ivan V},
  journal={SIAM Journal on Scientific Computing},
  volume={33},
  number={5},
  pages={2295--2317},
  year={2011},
  publisher={SIAM}
}

@article{de2000multilinear,
  title={A multilinear singular value decomposition},
  author={De Lathauwer, Lieven and De Moor, Bart and Vandewalle, Joos},
  journal={SIAM journal on Matrix Analysis and Applications},
  volume={21},
  number={4},
  pages={1253--1278},
  year={2000},
  publisher={SIAM}
}

@article{zhao2016tensor,
  title={Tensor ring decomposition},
  author={Zhao, Qibin and Zhou, Guoxu and Xie, Shengli and Zhang, Liqing and Cichocki, Andrzej},
  journal={arXiv preprint arXiv:1606.05535},
  pages={1--14},
  year={2016}
}

@article{cichocki2016tensor,
  title={Tensor networks for dimensionality reduction and large-scale optimization: Part 1 low-rank tensor decompositions},
  author={Cichocki, Andrzej and Lee, Namgil and Oseledets, Ivan and Phan, Anh-Huy and Zhao, Qibin and Mandic, Danilo P and others},
  journal={Foundations and Trends{\textregistered} in Machine Learning},
  volume={9},
  number={4-5},
  pages={249--429},
  year={2016},
  publisher={Now Publishers, Inc.}
}

@article{braman2010third,
  title={Third-order tensors as linear operators on a space of matrices},
  author={Braman, Karen},
  journal={Linear Algebra and its Applications},
  volume={433},
  number={7},
  pages={1241--1253},
  year={2010},
  publisher={Elsevier}
}

@article{semerci2014tensor,
  title={Tensor-based formulation and nuclear norm regularization for multienergy computed tomography},
  author={Semerci, Oguz and Hao, Ning and Kilmer, Misha E and Miller, Eric L},
  journal={IEEE Transactions on Image Processing},
  volume={23},
  number={4},
  pages={1678--1693},
  year={2014},
  publisher={IEEE}
}


@inproceedings{jiang2017graph,
  title={Graph regularized tensor sparse coding for image representation},
  author={Jiang, Fei and Liu, Xiao-Yang and Lu, Hongtao and Shen, Ruimin},
  booktitle={IEEE International Conference on Multimedia and Expo},
  pages={1327--1336},
  year={2017},
  organization={IEEE}
}

@article{chetlur2014cudnn,
  title={{cuDNN}: {Efficient} primitives for deep learning},
  author={Chetlur, Sharan and Woolley, Cliff and Vandermersch, Philippe and Cohen, Jonathan and Tran, John and Catanzaro, Bryan and Shelhamer, Evan},
  journal={arXiv preprint arXiv:1410.0759},
  pages={1--9},
  year={2014}
}


@inproceedings{cui2016geeps,
  title={GeePS: Scalable deep learning on distributed GPUs with a GPU-specialized parameter server},
  author={Cui, Henggang and Zhang, Hao and Ganger, Gregory R and Gibbons, Phillip B and Xing, Eric P},
  booktitle={Proceedings of the Eleventh European Conference on Computer Systems},
  pages={1--16},
  year={2016},
  organization={ACM}
}

@inproceedings{tsung2016high,
  title={High performance deep neural network on low cost mobile GPU},
  author={Tsung, Pei-Kuei and Tsai, Sung-Fang and Pai, Alex and Lai, Shu-Jen and Lu, Chienping},
  booktitle={Consumer Electronics (ICCE), 2016 IEEE International Conference on},
  pages={69--70},
  year={2016},
  organization={IEEE}
}

@incollection{banasiak2016statistical,
  title={Statistical Methods of Natural Language Processing on GPU},
  author={Banasiak, Dariusz},
  booktitle={Man--Machine Interactions 4},
  pages={595--604},
  year={2016},
  publisher={Springer}
}

@inproceedings{shi2016tensor,
  title={Tensor contractions with extended BLAS kernels on CPU and GPU},
  author={Shi, Yang and Niranjan, UN and Anandkumar, Animashree and Cecka, Cris},
  booktitle={High Performance Computing (HiPC), 2016 IEEE 23rd International Conference on},
  pages={193--202},
  year={2016},
  organization={IEEE}
}

@inproceedings{li2016optimizing,
  title={Optimizing sparse tensor times matrix on multi-core and many-core architectures},
  author={Li, Jiajia and Ma, Yuchen and Yan, Chenggang and Vuduc, Richard},
  booktitle={Irregular Applications: Architecture and Algorithms (IA3), Workshop on},
  pages={26--33},
  year={2016},
  organization={IEEE}
}

@inproceedings{dongarra2017optimized,
  title={Optimized Batched Linear Algebra for Modern Architectures},
  author={Dongarra, Jack and Hammarling, Sven and Higham, Nicholas J and Relton, Samuel D and Zounon, Mawussi},
  booktitle={European Conference on Parallel Processing},
  pages={511--522},
  year={2017},
  organization={Springer}
}

@article{kong2014data,
  title={Data loss and reconstruction in wireless sensor networks},
  author={Kong, Linghe and Xia, Mingyuan and Liu, Xiao-Yang and Chen, Guangshuo and Gu, Yu and Wu, Min-You and Liu, Xue},
  journal={IEEE Transactions on Parallel and Distributed Systems},
  volume={25},
  number={11},
  pages={2818--2828},
  year={2014},
  publisher={IEEE}
}

@inproceedings{jain2013low,
  title={Low-rank matrix completion using alternating minimization},
  author={Jain, Prateek and Netrapalli, Praneeth and Sanghavi, Sujay},
  booktitle={Proceedings of the forty-fifth annual ACM symposium on Theory of computing},
  pages={665--674},
  year={2013},
  organization={ACM}
}

@inproceedings{liu2016low,
  title={Low-tubal-rank tensor completion using alternating minimization},
  author={Liu, Xiao-Yang and Aeron, Shuchin and Aggarwal, Vaneet and Wang, Xiaodong},
  booktitle={Modeling and Simulation for Defense Systems and Applications XI},
  volume={9848},
  pages={984809},
  year={2016},
  organization={International Society for Optics and Photonics}
}

@article{gleich2013power,
  title={The power and Arnoldi methods in an algebra of circulants},
  author={Gleich, David F and Greif, Chen and Varah, James M},
  journal={Numerical Linear Algebra with Applications},
  volume={20},
  number={5},
  pages={809--831},
  year={2013},
  publisher={Wiley Online Library}
}
